<?xml version="1.0" encoding="UTF-8"?><record xmlns="http://www.loc.gov/MARC21/slim" xmlns:cinclude="http://apache.org/cocoon/include/1.0" xmlns:zs="http://www.loc.gov/zing/srw/">
  <leader>00463cz  a2200133n  4500</leader>
  <controlfield tag="001">n  85208281 </controlfield>
  <controlfield tag="003">DLC</controlfield>
  <controlfield tag="005">20080622080410.0</controlfield>
  <controlfield tag="008">851108n| acannaabn          |n aaa      </controlfield>
  <datafield tag="010" ind1=" " ind2=" ">
    <subfield code="a">n  85208281 </subfield>
  </datafield>
  <datafield tag="035" ind1=" " ind2=" ">
    <subfield code="a">(OCoLC)oca01494573</subfield>
  </datafield>
  <datafield tag="040" ind1=" " ind2=" ">
    <subfield code="a">DLC</subfield>
    <subfield code="b">eng</subfield>
    <subfield code="c">DLC</subfield>
    <subfield code="d">OCoLC</subfield>
  </datafield>
  <datafield tag="100" ind1="1" ind2=" ">
    <subfield code="a">Pochylá, Marie</subfield>
  </datafield>
  <datafield tag="670" ind1=" " ind2=" ">
    <subfield code="a">Her Učebnice a učební osnovy vydané po zaved. nové českoslov. výchovně vzděl. soustavy zákl. školy, 1984- :</subfield>
    <subfield code="b">v. 1, colophon (Marie Pochylá)</subfield>
  </datafield>
</record>